@article{RN95,
   author = {Zhu, Jun and Zhong, Xinghui and Shu, Chi-Wang and Qiu, Jianxian},
   title = {Runge-Kutta Discontinuous Galerkin Method with a Simple and Compact Hermite WENO Limiter},
   journal = {Communications in Computational Physics},
   volume = {19},
   number = {4},
   pages = {944-969},
   note = {欧拉方程的左右特征向量},
   ISSN = {1815-2406
1991-7120},
   DOI = {10.4208/cicp.070215.200715a},
   year = {2016},
   type = {Journal Article}
}

@article{RN96,
   author = {Gottlieb, Sigal and Shu, Chi-Wang and Tadmor, Eitan},
   title = {Strong Stability-Preserving High-Order Time Discretization Methods},
   journal = {SIAM Review},
   volume = {43},
   number = {1},
   pages = {89-112},
   note = {ssp 龙格库塔法},
   ISSN = {0036-1445
1095-7200},
   DOI = {10.1137/s003614450036757x},
   year = {2001},
   type = {Journal Article}
}

@article{RN37,
   author = {Qiu, Jianxian and Shu, Chi-Wang},
   title = {Runge--Kutta Discontinuous Galerkin Method Using WENO Limiters},
   journal = {SIAM Journal on Scientific Computing},
   volume = {26},
   number = {3},
   pages = {907-929},
   note = {WENO 格式在 DG 方法上的首次（大概）应用},
   ISSN = {1064-8275
1095-7197},
   DOI = {10.1137/s1064827503425298},
   year = {2005},
   type = {Journal Article}
}

@article{RN16,
   author = {Cockburn, Bernardo and Shu, Chi-Wang},
   title = {TVB Runge-Kutta Local Projection Discontinuous Galerkin Finite Element Method for Conservation Laws II: General Framework},
   journal = {Mathematics of Computation},
   volume = {52},
   number = {186},
   note = {RKDG 系列论文 2},
   ISSN = {00255718},
   DOI = {10.2307/2008474},
   year = {1989},
   type = {Journal Article}
}

@misc{RN106,
   note = {高斯积分的节点值},
   url = {https://keisan.casio.com/exec/system/1280801905},
   type = {Web Page}
}

@article{RN48,
   author = {梁俊凯},
   title = {欧拉方程间断伽辽金有限元解法的研究},
   year = {2018},
   type = {Journal Article}
}

@techreport{Reed_Hill,
   author = {Reed, William H and Hill, Thomas R},
   title = {Triangular mesh methods for the neutron transport equation},
   institution = {Los Alamos Scientific Lab., N. Mex.(USA)},
   year = {1973},
   type = {Report}
}


@article{RKDG2,
   author = {Cockburn, Bernardo and Shu, Chi-Wang},
   title = {TVB Runge-Kutta Local Projection Discontinuous Galerkin Finite Element Method for Conservation Laws II: General Framework},
   journal = {Mathematics of Computation},
   volume = {52},
   number = {186},
   ISSN = {00255718},
   DOI = {10.2307/2008474},
   year = {1989},
   type = {Journal Article}
}

@article{RKDG3,
   author = {Cockburn, Bernardo and Lin, San-Yih and Shu, Chi-Wang},
   title = {TVB Runge-Kutta local projection discontinuous Galerkin finite element method for conservation laws III: One-dimensional systems},
   journal = {Journal of Computational Physics},
   volume = {84},
   number = {1},
   pages = {90-113},
   ISSN = {00219991},
   DOI = {10.1016/0021-9991(89)90183-6},
   year = {1989},
   type = {Journal Article}
}


@article{RKDG4,
   author = {Cockburn, Bernardo and Hou, Suchung and Shu, Chi-Wang},
   title = {The Runge-Kutta Local Projection Discontinuous Galerkin Finite Element Method for Conservation Laws. IV: The Multidimensional Case},
   journal = {Mathematics of Computation},
   volume = {54},
   number = {190},
   ISSN = {00255718},
   DOI = {10.2307/2008501},
   year = {1990},
   type = {Journal Article}
}




@article{RKDG5,
   author = {Cockburn, Bernardo and Shu, Chi-Wang},
   title = {The Runge–Kutta Discontinuous Galerkin Method for Conservation Laws V},
   journal = {Journal of Computational Physics},
   volume = {141},
   number = {2},
   pages = {199-224},
   ISSN = {00219991},
   DOI = {10.1006/jcph.1998.5892},
   year = {1998},
   type = {Journal Article}
}

@article{TVB,
   author = {Shu, Chi-Wang},
   title = {TVB Uniformly High-Order Schemes for Conservation Laws},
   journal = {Mathematics of Computation},
   volume = {49},
   number = {179},
   ISSN = {00255718},
   DOI = {10.2307/2008252},
   year = {1987},
   type = {Journal Article}
}

@article{基于矩的限制器,
   author = {Biswas, Rupak and Devine, Karen D. and Flaherty, Joseph E.},
   title = {Parallel, adaptive finite element methods for conservation laws},
   journal = {Applied Numerical Mathematics},
   volume = {14},
   number = {1-3},
   pages = {255-283},
   ISSN = {01689274},
   DOI = {10.1016/0168-9274(94)90029-9},
   year = {1994},
   type = {Journal Article}
}


@article{改进的基于矩的限制器,
   author = {Burbeau, A. and Sagaut, P. and Bruneau, Ch H.},
   title = {A Problem-Independent Limiter for High-Order Runge–Kutta Discontinuous Galerkin Methods},
   journal = {Journal of Computational Physics},
   volume = {169},
   number = {1},
   pages = {111-150},
   ISSN = {00219991},
   DOI = {10.1006/jcph.2001.6718},
   year = {2001},
   type = {Journal Article}
}


@article{WENO1,
   author = {Friedrich, Oliver},
   title = {Weighted Essentially Non-Oscillatory Schemes for the Interpolation of Mean Values on Unstructured Grids},
   journal = {Journal of Computational Physics},
   volume = {144},
   number = {1},
   pages = {194-212},
   ISSN = {00219991},
   DOI = {10.1006/jcph.1998.5988},
   year = {1998},
   type = {Journal Article}
}

@article{WENO2,
   author = {Hu, Changqing and Shu, Chi-Wang},
   title = {Weighted Essentially Non-oscillatory Schemes on Triangular Meshes},
   journal = {Journal of Computational Physics},
   volume = {150},
   number = {1},
   pages = {97-127},
   ISSN = {00219991},
   DOI = {10.1006/jcph.1998.6165},
   year = {1999},
   type = {Journal Article}
}

@article{WENO3,
   author = {Jiang, Guang-Shan and Shu, Chi-Wang},
   title = {Efficient Implementation of Weighted ENO Schemes},
   journal = {Journal of Computational Physics},
   volume = {126},
   number = {1},
   pages = {202-228},
   ISSN = {00219991},
   DOI = {10.1006/jcph.1996.0130},
   year = {1996},
   type = {Journal Article}
}

@article{WENO4,
   author = {Liu, Xu-Dong and Osher, Stanley and Chan, Tony},
   title = {Weighted Essentially Non-oscillatory Schemes},
   journal = {Journal of Computational Physics},
   volume = {115},
   number = {1},
   pages = {200-212},
   ISSN = {00219991},
   DOI = {10.1006/jcph.1994.1187},
   year = {1994},
   type = {Journal Article}
}

@book{WENO5,
   author = {Cockburn, Bernardo and Johnson, Claes and Shu, C-W and Tadmor, Eitan},
   title = {Advanced numerical approximation of nonlinear hyperbolic equations: lectures given at the 2nd session of the Centro Internazionale Matematico Estivo (CIME) held in Cetraro, Italy, June 23-28, 1997},
   publisher = {Springer},
   ISBN = {3540498044},
   year = {2006},
   type = {Book}
}

@article{WENO-js1,
   author = {Qiu, Jianxian and Shu, Chi-Wang},
   title = {Runge--Kutta Discontinuous Galerkin Method Using WENO Limiters},
   journal = {SIAM Journal on Scientific Computing},
   volume = {26},
   number = {3},
   pages = {907-929},
   ISSN = {1064-8275
1095-7197},
   DOI = {10.1137/s1064827503425298},
   year = {2005},
   type = {Journal Article}
}

@article{WENO-js2,
   author = {Zhu, Jun and Qiu, Jianxian and Shu, Chi-Wang and Dumbser, Michael},
   title = {Runge–Kutta discontinuous Galerkin method using WENO limiters II: Unstructured meshes},
   journal = {Journal of Computational Physics},
   volume = {227},
   number = {9},
   pages = {4330-4353},
   ISSN = {00219991},
   DOI = {10.1016/j.jcp.2007.12.024},
   year = {2008},
   type = {Journal Article}
}

@article{HWENO1,
   author = {Qiu, Jianxian and Shu, Chi-Wang},
   title = {Hermite WENO schemes and their application as limiters for Runge–Kutta discontinuous Galerkin method: one-dimensional case},
   journal = {Journal of Computational Physics},
   volume = {193},
   number = {1},
   pages = {115-135},
   ISSN = {00219991},
   DOI = {10.1016/j.jcp.2003.07.026},
   year = {2004},
   type = {Journal Article}
}

@article{HWENO2,
   author = {Qiu, Jianxian and Shu, Chi-Wang},
   title = {Hermite WENO schemes and their application as limiters for Runge–Kutta discontinuous Galerkin method II: Two dimensional case},
   journal = {Computers \& Fluids},
   volume = {34},
   number = {6},
   pages = {642-663},
   ISSN = {00457930},
   DOI = {10.1016/j.compfluid.2004.05.005},
   year = {2005},
   type = {Journal Article}
}



@article{MWENO1,
   author = {Zhu, Jun and Shu, Chi-Wang},
   title = {A new type of multi-resolution WENO schemes with increasingly higher order of accuracy},
   journal = {Journal of Computational Physics},
   volume = {375},
   pages = {659-683},
   ISSN = {00219991},
   DOI = {10.1016/j.jcp.2018.09.003},
   year = {2018},
   type = {Journal Article}
}

@article{MWENO2,
   author = {Zhu, Jun and Qiu, Jianxian and Shu, Chi-Wang},
   title = {High-order Runge-Kutta discontinuous Galerkin methods with a new type of multi-resolution WENO limiters},
   journal = {Journal of Computational Physics},
   volume = {404},
   ISSN = {00219991},
   DOI = {10.1016/j.jcp.2019.109105},
   year = {2020},
   type = {Journal Article}
}

@article{MWENO3,
   author = {Zhu, Jun and Shu, Chi-Wang and Qiu, Jianxian},
   title = {High-order Runge-Kutta discontinuous Galerkin methods with a new type of multi-resolution WENO limiters on triangular meshes},
   journal = {Applied Numerical Mathematics},
   volume = {153},
   pages = {519-539},
   ISSN = {01689274},
   DOI = {10.1016/j.apnum.2020.03.013},
   year = {2020},
   type = {Journal Article}
}

@phdthesis{PHD,
  title={Mod{\'e}lisation et simulation num{\'e}rique d'{\'e}coulements diphasiques {\`a} interface libre. Application {\`a} l'{\'e}tude des mouvements de liquides dans les r{\'e}servoirs de v{\'e}hicules spatiaux},
  author={Chanteperdrix, Guilhem},
  year={2004},
  school={L'{\'E}COLE NATIONALE SUPÉRIEURE DE L'A{\'E}RONAUTIQUE ET DE L'ESPACE}
}

@article{two-flows,
   author = {Grenier, N. and Vila, J. P. and Villedieu, P.},
   title = {An accurate low-Mach scheme for a compressible two-fluid model applied to free-surface flows},
   journal = {Journal of Computational Physics},
   volume = {252},
   pages = {1-19},
   ISSN = {00219991},
   DOI = {10.1016/j.jcp.2013.06.008},
   year = {2013},
   type = {Journal Article}
}

@article{WENO-Z,
   author = {Borges, Rafael and Carmona, Monique and Costa, Bruno and Don, Wai Sun},
   title = {An improved weighted essentially non-oscillatory scheme for hyperbolic conservation laws},
   journal = {Journal of Computational Physics},
   volume = {227},
   number = {6},
   pages = {3191-3211},
   ISSN = {00219991},
   DOI = {10.1016/j.jcp.2007.11.038},
   year = {2008},
   type = {Journal Article}
}

@article{基于力矩的指示器,
   author = {Biswas, Rupak and Devine, Karen D. and Flaherty, Joseph E.},
   title = {Parallel, adaptive finite element methods for conservation laws},
   journal = {Applied Numerical Mathematics},
   volume = {14},
   number = {1-3},
   pages = {255-283},
   ISSN = {01689274},
   DOI = {10.1016/0168-9274(94)90029-9},
   year = {1994},
   type = {Journal Article}
}


@article{基于DG超收敛性质的KXRCF指示器,
   author = {Krivodonova, L. and Xin, J. and Remacle, J. F. and Chevaugeon, N. and Flaherty, J. E.},
   title = {Shock detection and limiting with discontinuous Galerkin methods for hyperbolic conservation laws},
   journal = {Applied Numerical Mathematics},
   volume = {48},
   number = {3-4},
   pages = {323-338},
   ISSN = {01689274},
   DOI = {10.1016/j.apnum.2003.11.002},
   year = {2004},
   type = {Journal Article}
}


@article{WENO-M,
   author = {Henrick, Andrew K. and Aslam, Tariq D. and Powers, Joseph M.},
   title = {Mapped weighted essentially non-oscillatory schemes: Achieving optimal order near critical points},
   journal = {Journal of Computational Physics},
   volume = {207},
   number = {2},
   pages = {542-567},
   ISSN = {00219991},
   DOI = {10.1016/j.jcp.2005.01.023},
   year = {2005},
   type = {Journal Article}
}

@article{CWENO,
   author = {Levy, Doron and Puppo, Gabriella and Russo, Giovanni},
   title = {Central WENO schemes for hyperbolic systems of conservation laws},
   journal = {ESAIM: Mathematical Modelling and Numerical Analysis},
   volume = {33},
   number = {3},
   pages = {547-571},
   ISSN = {0764-583X
1290-3841},
   DOI = {10.1051/m2an:1999152},
   year = {1999},
   type = {Journal Article}
}


@phdthesis{RN109,
   author = {程悦},
   title = {Runge-Kutta 间断 Galerkin 有限元方法的多种限制器比较},
   university = {南京大学},
   year = {2011},
   type = {Thesis}
}

@article{RN92,
   author = {Krivodonova, L. and Xin, J. and Remacle, J. F. and Chevaugeon, N. and Flaherty, J. E.},
   title = {Shock detection and limiting with discontinuous Galerkin methods for hyperbolic conservation laws},
   journal = {Applied Numerical Mathematics},
   volume = {48},
   number = {3-4},
   pages = {323-338},
   note = {基于DG超收敛性质的KXRCF指示器},
   ISSN = {01689274},
   DOI = {10.1016/j.apnum.2003.11.002},
   year = {2004},
   type = {Journal Article}
}

